%YAML 1.1
%TAG !u! tag:unity3d.com,2011:
--- !u!1 &7732030472752725818
GameObject:
  m_ObjectHideFlags: 0
  m_CorrespondingSourceObject: {fileID: 0}
  m_PrefabInstance: {fileID: 0}
  m_PrefabAsset: {fileID: 0}
  serializedVersion: 6
  m_Component:
  - component: {fileID: 6460362931254989531}
  m_Layer: 0
  m_Name: IdibleGroup
  m_TagString: Untagged
  m_Icon: {fileID: 0}
  m_NavMeshLayer: 0
  m_StaticEditorFlags: 0
  m_IsActive: 1
--- !u!4 &6460362931254989531
Transform:
  m_ObjectHideFlags: 0
  m_CorrespondingSourceObject: {fileID: 0}
  m_PrefabInstance: {fileID: 0}
  m_PrefabAsset: {fileID: 0}
  m_GameObject: {fileID: 7732030472752725818}
  m_LocalRotation: {x: 0, y: 0, z: 0, w: 1}
  m_LocalPosition: {x: 0, y: 0, z: 0}
  m_LocalScale: {x: 1, y: 1, z: 1}
  m_Children:
  - {fileID: 8117864256402113241}
  - {fileID: 1829616828190834977}
  - {fileID: 969985089418950119}
  - {fileID: 7548957612037136537}
  - {fileID: 5035476715084842472}
  m_Father: {fileID: 0}
  m_RootOrder: 0
  m_LocalEulerAnglesHint: {x: 0, y: 0, z: 0}
--- !u!1001 &397338606508279763
PrefabInstance:
  m_ObjectHideFlags: 0
  serializedVersion: 2
  m_Modification:
    m_TransformParent: {fileID: 6460362931254989531}
    m_Modifications:
    - target: {fileID: 645621232863310388, guid: 94d292219d961b445b269659a3994172,
        type: 3}
      propertyPath: m_RootOrder
      value: 2
      objectReference: {fileID: 0}
    - target: {fileID: 645621232863310388, guid: 94d292219d961b445b269659a3994172,
        type: 3}
      propertyPath: m_LocalScale.y
      value: 12
      objectReference: {fileID: 0}
    - target: {fileID: 645621232863310388, guid: 94d292219d961b445b269659a3994172,
        type: 3}
      propertyPath: m_LocalScale.z
      value: 12
      objectReference: {fileID: 0}
    - target: {fileID: 645621232863310388, guid: 94d292219d961b445b269659a3994172,
        type: 3}
      propertyPath: m_LocalPosition.x
      value: 1.3191562
      objectReference: {fileID: 0}
    - target: {fileID: 645621232863310388, guid: 94d292219d961b445b269659a3994172,
        type: 3}
      propertyPath: m_LocalPosition.y
      value: -0.2765646
      objectReference: {fileID: 0}
    - target: {fileID: 645621232863310388, guid: 94d292219d961b445b269659a3994172,
        type: 3}
      propertyPath: m_LocalPosition.z
      value: 2.668867
      objectReference: {fileID: 0}
    - target: {fileID: 645621232863310388, guid: 94d292219d961b445b269659a3994172,
        type: 3}
      propertyPath: m_LocalRotation.w
      value: 0.50131387
      objectReference: {fileID: 0}
    - target: {fileID: 645621232863310388, guid: 94d292219d961b445b269659a3994172,
        type: 3}
      propertyPath: m_LocalRotation.x
      value: -0
      objectReference: {fileID: 0}
    - target: {fileID: 645621232863310388, guid: 94d292219d961b445b269659a3994172,
        type: 3}
      propertyPath: m_LocalRotation.y
      value: -0.86526555
      objectReference: {fileID: 0}
    - target: {fileID: 645621232863310388, guid: 94d292219d961b445b269659a3994172,
        type: 3}
      propertyPath: m_LocalRotation.z
      value: -0
      objectReference: {fileID: 0}
    - target: {fileID: 645621232863310388, guid: 94d292219d961b445b269659a3994172,
        type: 3}
      propertyPath: m_LocalEulerAnglesHint.x
      value: 0
      objectReference: {fileID: 0}
    - target: {fileID: 645621232863310388, guid: 94d292219d961b445b269659a3994172,
        type: 3}
      propertyPath: m_LocalEulerAnglesHint.y
      value: -119.826004
      objectReference: {fileID: 0}
    - target: {fileID: 645621232863310388, guid: 94d292219d961b445b269659a3994172,
        type: 3}
      propertyPath: m_LocalEulerAnglesHint.z
      value: 0
      objectReference: {fileID: 0}
    - target: {fileID: 5198006457121058180, guid: 94d292219d961b445b269659a3994172,
        type: 3}
      propertyPath: m_Name
      value: Croissant (1)
      objectReference: {fileID: 0}
    m_RemovedComponents: []
  m_SourcePrefab: {fileID: 100100000, guid: 94d292219d961b445b269659a3994172, type: 3}
--- !u!4 &969985089418950119 stripped
Transform:
  m_CorrespondingSourceObject: {fileID: 645621232863310388, guid: 94d292219d961b445b269659a3994172,
    type: 3}
  m_PrefabInstance: {fileID: 397338606508279763}
  m_PrefabAsset: {fileID: 0}
--- !u!1001 &397338606733378520
PrefabInstance:
  m_ObjectHideFlags: 0
  serializedVersion: 2
  m_Modification:
    m_TransformParent: {fileID: 6460362931254989531}
    m_Modifications:
    - target: {fileID: 3107097026393634181, guid: 6e2574af69e1ddd4497a11adb45777a1,
        type: 3}
      propertyPath: m_Name
      value: Chicken (1)
      objectReference: {fileID: 0}
    - target: {fileID: 8443074869965619457, guid: 6e2574af69e1ddd4497a11adb45777a1,
        type: 3}
      propertyPath: m_RootOrder
      value: 0
      objectReference: {fileID: 0}
    - target: {fileID: 8443074869965619457, guid: 6e2574af69e1ddd4497a11adb45777a1,
        type: 3}
      propertyPath: m_LocalPosition.x
      value: 0.8421564
      objectReference: {fileID: 0}
    - target: {fileID: 8443074869965619457, guid: 6e2574af69e1ddd4497a11adb45777a1,
        type: 3}
      propertyPath: m_LocalPosition.y
      value: 0.20743513
      objectReference: {fileID: 0}
    - target: {fileID: 8443074869965619457, guid: 6e2574af69e1ddd4497a11adb45777a1,
        type: 3}
      propertyPath: m_LocalPosition.z
      value: 3.5718672
      objectReference: {fileID: 0}
    - target: {fileID: 8443074869965619457, guid: 6e2574af69e1ddd4497a11adb45777a1,
        type: 3}
      propertyPath: m_LocalRotation.w
      value: 0
      objectReference: {fileID: 0}
    - target: {fileID: 8443074869965619457, guid: 6e2574af69e1ddd4497a11adb45777a1,
        type: 3}
      propertyPath: m_LocalRotation.x
      value: -0.2745498
      objectReference: {fileID: 0}
    - target: {fileID: 8443074869965619457, guid: 6e2574af69e1ddd4497a11adb45777a1,
        type: 3}
      propertyPath: m_LocalRotation.y
      value: 0.9615729
      objectReference: {fileID: 0}
    - target: {fileID: 8443074869965619457, guid: 6e2574af69e1ddd4497a11adb45777a1,
        type: 3}
      propertyPath: m_LocalRotation.z
      value: -0
      objectReference: {fileID: 0}
    - target: {fileID: 8443074869965619457, guid: 6e2574af69e1ddd4497a11adb45777a1,
        type: 3}
      propertyPath: m_LocalEulerAnglesHint.x
      value: 0
      objectReference: {fileID: 0}
    - target: {fileID: 8443074869965619457, guid: 6e2574af69e1ddd4497a11adb45777a1,
        type: 3}
      propertyPath: m_LocalEulerAnglesHint.y
      value: 180.00002
      objectReference: {fileID: 0}
    - target: {fileID: 8443074869965619457, guid: 6e2574af69e1ddd4497a11adb45777a1,
        type: 3}
      propertyPath: m_LocalEulerAnglesHint.z
      value: -31.87
      objectReference: {fileID: 0}
    m_RemovedComponents: []
  m_SourcePrefab: {fileID: 100100000, guid: 6e2574af69e1ddd4497a11adb45777a1, type: 3}
--- !u!4 &8117864256402113241 stripped
Transform:
  m_CorrespondingSourceObject: {fileID: 8443074869965619457, guid: 6e2574af69e1ddd4497a11adb45777a1,
    type: 3}
  m_PrefabInstance: {fileID: 397338606733378520}
  m_PrefabAsset: {fileID: 0}
--- !u!1001 &397338606896508282
PrefabInstance:
  m_ObjectHideFlags: 0
  serializedVersion: 2
  m_Modification:
    m_TransformParent: {fileID: 6460362931254989531}
    m_Modifications:
    - target: {fileID: 7872549057186041315, guid: 78a6a596f3cdc2641b44bb3d371c8db0,
        type: 3}
      propertyPath: m_RootOrder
      value: 3
      objectReference: {fileID: 0}
    - target: {fileID: 7872549057186041315, guid: 78a6a596f3cdc2641b44bb3d371c8db0,
        type: 3}
      propertyPath: m_LocalPosition.x
      value: -0.86084366
      objectReference: {fileID: 0}
    - target: {fileID: 7872549057186041315, guid: 78a6a596f3cdc2641b44bb3d371c8db0,
        type: 3}
      propertyPath: m_LocalPosition.y
      value: -0.027565002
      objectReference: {fileID: 0}
    - target: {fileID: 7872549057186041315, guid: 78a6a596f3cdc2641b44bb3d371c8db0,
        type: 3}
      propertyPath: m_LocalPosition.z
      value: 2.9988673
      objectReference: {fileID: 0}
    - target: {fileID: 7872549057186041315, guid: 78a6a596f3cdc2641b44bb3d371c8db0,
        type: 3}
      propertyPath: m_LocalRotation.w
      value: 0.91566265
      objectReference: {fileID: 0}
    - target: {fileID: 7872549057186041315, guid: 78a6a596f3cdc2641b44bb3d371c8db0,
        type: 3}
      propertyPath: m_LocalRotation.x
      value: -0
      objectReference: {fileID: 0}
    - target: {fileID: 7872549057186041315, guid: 78a6a596f3cdc2641b44bb3d371c8db0,
        type: 3}
      propertyPath: m_LocalRotation.y
      value: -0.40194777
      objectReference: {fileID: 0}
    - target: {fileID: 7872549057186041315, guid: 78a6a596f3cdc2641b44bb3d371c8db0,
        type: 3}
      propertyPath: m_LocalRotation.z
      value: -0
      objectReference: {fileID: 0}
    - target: {fileID: 7872549057186041315, guid: 78a6a596f3cdc2641b44bb3d371c8db0,
        type: 3}
      propertyPath: m_LocalEulerAnglesHint.x
      value: 0
      objectReference: {fileID: 0}
    - target: {fileID: 7872549057186041315, guid: 78a6a596f3cdc2641b44bb3d371c8db0,
        type: 3}
      propertyPath: m_LocalEulerAnglesHint.y
      value: -47.4
      objectReference: {fileID: 0}
    - target: {fileID: 7872549057186041315, guid: 78a6a596f3cdc2641b44bb3d371c8db0,
        type: 3}
      propertyPath: m_LocalEulerAnglesHint.z
      value: 0
      objectReference: {fileID: 0}
    - target: {fileID: 8165954279335592657, guid: 78a6a596f3cdc2641b44bb3d371c8db0,
        type: 3}
      propertyPath: m_Name
      value: Watermelon (1)
      objectReference: {fileID: 0}
    m_RemovedComponents: []
  m_SourcePrefab: {fileID: 100100000, guid: 78a6a596f3cdc2641b44bb3d371c8db0, type: 3}
--- !u!4 &7548957612037136537 stripped
Transform:
  m_CorrespondingSourceObject: {fileID: 7872549057186041315, guid: 78a6a596f3cdc2641b44bb3d371c8db0,
    type: 3}
  m_PrefabInstance: {fileID: 397338606896508282}
  m_PrefabAsset: {fileID: 0}
--- !u!1001 &397338607249191158
PrefabInstance:
  m_ObjectHideFlags: 0
  serializedVersion: 2
  m_Modification:
    m_TransformParent: {fileID: 6460362931254989531}
    m_Modifications:
    - target: {fileID: 2082839597343486423, guid: 63e523ab5d9ce7348b431ae1d689a54d,
        type: 3}
      propertyPath: m_RootOrder
      value: 1
      objectReference: {fileID: 0}
    - target: {fileID: 2082839597343486423, guid: 63e523ab5d9ce7348b431ae1d689a54d,
        type: 3}
      propertyPath: m_LocalScale.x
      value: 50
      objectReference: {fileID: 0}
    - target: {fileID: 2082839597343486423, guid: 63e523ab5d9ce7348b431ae1d689a54d,
        type: 3}
      propertyPath: m_LocalScale.y
      value: 50
      objectReference: {fileID: 0}
    - target: {fileID: 2082839597343486423, guid: 63e523ab5d9ce7348b431ae1d689a54d,
        type: 3}
      propertyPath: m_LocalScale.z
      value: 50
      objectReference: {fileID: 0}
    - target: {fileID: 2082839597343486423, guid: 63e523ab5d9ce7348b431ae1d689a54d,
        type: 3}
      propertyPath: m_LocalPosition.x
      value: 0.73915625
      objectReference: {fileID: 0}
    - target: {fileID: 2082839597343486423, guid: 63e523ab5d9ce7348b431ae1d689a54d,
        type: 3}
      propertyPath: m_LocalPosition.y
      value: -0.2725649
      objectReference: {fileID: 0}
    - target: {fileID: 2082839597343486423, guid: 63e523ab5d9ce7348b431ae1d689a54d,
        type: 3}
      propertyPath: m_LocalPosition.z
      value: 2.1188672
      objectReference: {fileID: 0}
    - target: {fileID: 2082839597343486423, guid: 63e523ab5d9ce7348b431ae1d689a54d,
        type: 3}
      propertyPath: m_LocalRotation.w
      value: 0.21561608
      objectReference: {fileID: 0}
    - target: {fileID: 2082839597343486423, guid: 63e523ab5d9ce7348b431ae1d689a54d,
        type: 3}
      propertyPath: m_LocalRotation.x
      value: -0.9725809
      objectReference: {fileID: 0}
    - target: {fileID: 2082839597343486423, guid: 63e523ab5d9ce7348b431ae1d689a54d,
        type: 3}
      propertyPath: m_LocalRotation.y
      value: -0.01886397
      objectReference: {fileID: 0}
    - target: {fileID: 2082839597343486423, guid: 63e523ab5d9ce7348b431ae1d689a54d,
        type: 3}
      propertyPath: m_LocalRotation.z
      value: -0.08508984
      objectReference: {fileID: 0}
    - target: {fileID: 2082839597343486423, guid: 63e523ab5d9ce7348b431ae1d689a54d,
        type: 3}
      propertyPath: m_LocalEulerAnglesHint.x
      value: -155
      objectReference: {fileID: 0}
    - target: {fileID: 2082839597343486423, guid: 63e523ab5d9ce7348b431ae1d689a54d,
        type: 3}
      propertyPath: m_LocalEulerAnglesHint.y
      value: -10
      objectReference: {fileID: 0}
    - target: {fileID: 2082839597343486423, guid: 63e523ab5d9ce7348b431ae1d689a54d,
        type: 3}
      propertyPath: m_LocalEulerAnglesHint.z
      value: 0
      objectReference: {fileID: 0}
    - target: {fileID: 2704319227517942433, guid: 63e523ab5d9ce7348b431ae1d689a54d,
        type: 3}
      propertyPath: m_Name
      value: strawberry (1)
      objectReference: {fileID: 0}
    m_RemovedComponents: []
  m_SourcePrefab: {fileID: 100100000, guid: 63e523ab5d9ce7348b431ae1d689a54d, type: 3}
--- !u!4 &1829616828190834977 stripped
Transform:
  m_CorrespondingSourceObject: {fileID: 2082839597343486423, guid: 63e523ab5d9ce7348b431ae1d689a54d,
    type: 3}
  m_PrefabInstance: {fileID: 397338607249191158}
  m_PrefabAsset: {fileID: 0}
--- !u!1001 &397338607828749776
PrefabInstance:
  m_ObjectHideFlags: 0
  serializedVersion: 2
  m_Modification:
    m_TransformParent: {fileID: 6460362931254989531}
    m_Modifications:
    - target: {fileID: 2707664844026731140, guid: 80c29c7e0bd64654f8f59dda85e24897,
        type: 3}
      propertyPath: m_Name
      value: Pineapple (1)
      objectReference: {fileID: 0}
    - target: {fileID: 4639334610051549240, guid: 80c29c7e0bd64654f8f59dda85e24897,
        type: 3}
      propertyPath: m_RootOrder
      value: 4
      objectReference: {fileID: 0}
    - target: {fileID: 4639334610051549240, guid: 80c29c7e0bd64654f8f59dda85e24897,
        type: 3}
      propertyPath: m_LocalPosition.x
      value: 0.039156437
      objectReference: {fileID: 0}
    - target: {fileID: 4639334610051549240, guid: 80c29c7e0bd64654f8f59dda85e24897,
        type: 3}
      propertyPath: m_LocalPosition.y
      value: 0.37843513
      objectReference: {fileID: 0}
    - target: {fileID: 4639334610051549240, guid: 80c29c7e0bd64654f8f59dda85e24897,
        type: 3}
      propertyPath: m_LocalPosition.z
      value: 2.5888672
      objectReference: {fileID: 0}
    - target: {fileID: 4639334610051549240, guid: 80c29c7e0bd64654f8f59dda85e24897,
        type: 3}
      propertyPath: m_LocalRotation.w
      value: 0.9396927
      objectReference: {fileID: 0}
    - target: {fileID: 4639334610051549240, guid: 80c29c7e0bd64654f8f59dda85e24897,
        type: 3}
      propertyPath: m_LocalRotation.x
      value: -0
      objectReference: {fileID: 0}
    - target: {fileID: 4639334610051549240, guid: 80c29c7e0bd64654f8f59dda85e24897,
        type: 3}
      propertyPath: m_LocalRotation.y
      value: 0.3420201
      objectReference: {fileID: 0}
    - target: {fileID: 4639334610051549240, guid: 80c29c7e0bd64654f8f59dda85e24897,
        type: 3}
      propertyPath: m_LocalRotation.z
      value: -0
      objectReference: {fileID: 0}
    - target: {fileID: 4639334610051549240, guid: 80c29c7e0bd64654f8f59dda85e24897,
        type: 3}
      propertyPath: m_LocalEulerAnglesHint.x
      value: 0
      objectReference: {fileID: 0}
    - target: {fileID: 4639334610051549240, guid: 80c29c7e0bd64654f8f59dda85e24897,
        type: 3}
      propertyPath: m_LocalEulerAnglesHint.y
      value: 40
      objectReference: {fileID: 0}
    - target: {fileID: 4639334610051549240, guid: 80c29c7e0bd64654f8f59dda85e24897,
        type: 3}
      propertyPath: m_LocalEulerAnglesHint.z
      value: 0
      objectReference: {fileID: 0}
    m_RemovedComponents: []
  m_SourcePrefab: {fileID: 100100000, guid: 80c29c7e0bd64654f8f59dda85e24897, type: 3}
--- !u!4 &5035476715084842472 stripped
Transform:
  m_CorrespondingSourceObject: {fileID: 4639334610051549240, guid: 80c29c7e0bd64654f8f59dda85e24897,
    type: 3}
  m_PrefabInstance: {fileID: 397338607828749776}
  m_PrefabAsset: {fileID: 0}
